
@article{ Shannon48,
	author = {Shannon, C. E.},
	title = {A Mathematical Theory of Communication},
	journal="Bell Sys. Tech. J.",
	volume = 27,
	pages ="379-423, 623-656",
	year = {1948},
}

@misc{url,
       author = "Max Mustermann",
       title = {{Der Titel}},
       year = "2011",
       note = {\url{"http://example.com/abc"}},
}
