@article{FRAD24,
  author  = {Authors of FRAD paper},
  title   = {FRAD: Front-Running Attacks Detection on Ethereum using Ternary Classification Model},
  journal = {ArXiv},
  year    = {2023},
  url     = {https://ar5iv.labs.arxiv.org/html/2311.14514}
}

@article{GasTrace26,
  author  = {Authors of GasTrace},
  title   = {GasTrace: Detecting Sandwich Attack Malicious Accounts in Ethereum},
  journal = {ArXiv},
  year    = {2024},
  url     = {https://ar5iv.labs.arxiv.org/html/2405.19971}
}

@inproceedings{Perez21,
  author    = {Daniel Perez and Benjamin Livshits},
  title     = {Smart Contract Vulnerabilities: Vulnerable Does Not Imply Exploited},
  booktitle = {Proceedings of the 30th USENIX Security Symposium},
  year      = {2021},
  url       = {https://www.usenix.org/conference/usenixsecurity21/presentation/perez}
}

@inproceedings{Torres21,
  author    = {Christof Ferreira Torres and Ramiro Camino and Radu State},
  title     = {Frontrunner Jones and the Raiders of the Dark Forest: An Empirical Study of Frontrunning on the Ethereum Blockchain},
  booktitle = {Proceedings of the 30th USENIX Security Symposium},
  year      = {2021},
  url       = {https://www.usenix.org/conference/usenixsecurity21/presentation/torres}
}